%% Created using Papers on Tue, 15 Dec 2015.
%% http://papersapp.com/papers/

@article{Hepple:1995wa,
author = {Hepple, Leslie W},
title = {{Bayesian techniques in spatial and network econometrics: 2. Computational methods and algorithms}},
journal = {Environment and Planning A},
year = {1995},
volume = {27},
number = {4},
pages = {615--644}
}

@inproceedings{Soboroff:2012uu,
author = {Soboroff, I and McCullough, D and Lin, J and Macdonald, C and Ounis, I and McCreadie, R},
title = {{Evaluating real-time search over tweets}},
booktitle = {ICWSM 2012 - Proceedings of the 6th International AAAI Conference on Weblogs and Social Media},
year = {2012},
pages = {579--582},
organization = {University of Glasgow, United Kingdom},
annote = {Export Date: 2 November 2015}
}

@book{Hutchison:2012wf,
editor = {Hutchison, David and Kanade, Takeo and Kittler, Josef and Kleinberg, Jon M and Mattern, Friedemann and Mitchell, John C and Naor, Moni and Nierstrasz, Oscar and Pandu Rangan, C and Steffen, Bernhard and Sudan, Madhu and Terzopoulos, Demetri and Tygar, Doug and Vardi, Moshe Y and Weikum, Gerhard},
title = {{Genetic Programming}},
publisher = {Springer Berlin Heidelberg},
year = {2012},
volume = {7244},
series = {Lecture Notes in Computer Science},
address = {Berlin, Heidelberg},
annote = {Voir "Bayesian Network Structure Learning from Limited Datasets through Graph Evolution"}
}

@book{Dominus:2005ve,
author = {Dominus, Mark Jason},
title = {{Higher Order Perl}},
publisher = {O'Reilly},
year = {2005},
series = {Transforming programs with programs}
}

@article{Hepple:1995vf,
author = {Hepple, Leslie W},
title = {{Bayesian techniques in spatial and network econometrics: 1. Model comparison and posterior odds}},
journal = {Environment and Planning A},
year = {1995},
volume = {27},
number = {3},
pages = {447--469}
}

@article{Holmberg:2014uk,
author = {Holmberg, Kim and Bowman, Timothy D and Haustein, Stefanie and Peters, Isabella},
title = {{Astrophysicists{\textquoteright} Conversational Connections on Twitter}},
journal = {PLoS ONE},
year = {2014},
volume = {9},
number = {8},
pages = {e106086}
}

@article{Anonymous:1ZeQ3cPD,
title = {{Bayesian Reinforcement Learning for Multiagent Systems with State Uncertainty}},
year = {2013},
pages = {1--8},
month = apr
}

@incollection{Llewellyn:2015wr,
author = {Llewellyn, Clare and Grover, Claire and Alex, Beatrice and Oberlander, Jon and Tobin, Richard},
title = {{Extracting a Topic Specific Dataset from a Twitter Archive}},
booktitle = {Lecture Notes in Computer Science},
year = {2015},
editor = {Kapidakis, Sarantos and Mazurek, Cezary and Werla, Marcin},
pages = {364--367},
publisher = {Springer International Publishing}
}

@article{Crampton:2015eh,
author = {Crampton, Jeremy W},
title = {{Collect it all: national security, Big Data and governance}},
journal = {GeoJournal},
year = {2015},
pages = {1--13},
month = apr
}

@article{Koglin:2015gj,
author = {Koglin, Till},
title = {{Ve ÃÅlomobility and the politics of transport planning}},
journal = {GeoJournal},
year = {2015},
pages = {1--18},
month = apr
}

@article{Fahmi:2015cq,
author = {Fahmi, Mustafa Kamil Mahmoud and Mohamed, Elamin Sanjak and Kanninen, Markku and Luukkanen, Olavi and Kalame, Fobissie Blese and Eltayeb, Abdalla Mirghani},
title = {{Determinants and constraints of integrating natural acacias into mechanised rain-fed agricultural schemes Sennar State, Sudan}},
journal = {GeoJournal},
year = {2015},
pages = {1--13},
month = apr
}

@book{Sarkar:2008vk,
author = {Sarkar, Deepayan},
title = {{Lattice: multivariate data visualization with R}},
publisher = {Springer},
year = {2008},
series = {Use R!},
address = {New York}
}

@article{Anonymous:luWKwQ5O,
title = {{Model-based Bayesian Reinforcement Learning in Partially Observable Domains}},
year = {2007},
pages = {1--8},
month = nov
}

@book{Anonymous:2014tt,
title = {{Lecture Notes in Computer Science}},
publisher = {Springer International Publishing},
year = {2014}
}

@inproceedings{Amma:2014vt,
author = {Amma, K and Wada, S and Nakayama, K and Akamatsu, Y and Yaguchi, Y and Naruse, K},
title = {{Visualization of spread of topic words on Twitter using stream graphs and relational graphs}},
booktitle = {15th International Symposium on Soft Computing and Intelligent Systems (SCIS), 2014 Joint 7th International Conference on and Advanced Intelligent Systems (ISIS)},
year = {2014},
pages = {761--764}
}

@article{Feinerer:2008ty,
author = {Feinerer, Ingo and Hornik, Kurt and Meyer, David},
title = {{Text Mining Infrastructure in R}},
journal = {Journal of Statistical Software},
year = {2008},
volume = {25},
number = {1},
pages = {1--54}
}

@book{Anonymous:2005ty,
title = {{Mining Sequential Patterns from Large Data Sets}},
publisher = {Springer-Verlag},
year = {2005},
volume = {28},
series = {Advances in Database Systems},
address = {New York}
}

@proceedings{Abdaoui:2015to,
title = {{ADVANSE: Analyse du sentiment, de l{\textquoteright}opinion et de l{\textquoteright}{\'e}motion sur des Tweets Fran{\c c}ais}},
year = {2015}
}

@inproceedings{Wallgrun:2014jc,
author = {Wallgr{\"u}n, Jan Oliver and Hardisty, Frank and MacEachren, Alan M and Karimzadeh, Morteza and Ju, Yiting and Pezanowski, Scott},
title = {{Construction and first analysis of a corpus for the evaluation and training of microblog/twitter geoparsers}},
booktitle = {the 8th Workshop},
year = {2014},
pages = {1--8},
publisher = {ACM Press},
address = {New York, New York, USA},
annote = {Les auteurs veulent fournir un jeu de donn{\'e}es libell{\'e}s manuellement. Ils d{\'e}crivent l'interface cr{\'e}{\'e}e afin de faciliter la saisie et les erreurs auxquelles ils font face.}
}

@article{Mullen:2015ch,
author = {Mullen, William F and Jackson, Steven P and Croitoru, Arie and Crooks, Andrew and Stefanidis, Anthony and Agouris, Peggy},
title = {{Assessing the impact of demographic characteristics on spatial error in volunteered geographic information features}},
journal = {GeoJournal},
year = {2015},
pages = {1--19},
month = apr
}

@article{Thakur:2015in,
author = {Thakur, Sudhir K and Malecki, Edward J},
title = {{Regional determinants of research and development institutions in India}},
journal = {GeoJournal},
year = {2015},
pages = {1--22},
month = apr
}

@article{Varis:1999vv,
author = {Varis, Olli and Kuikka, Sakari},
title = {{Learning Bayesian decision analysis by doing: lessons from environmental and natural resources management}},
journal = {Ecological Modelling},
year = {1999},
volume = {119},
number = {2},
pages = {177--195}
}

@book{Sallaberry:2014va,
author = {Sallaberry, Christian and Ruas, Anne and Claramunt, Christophe},
title = {{Recherche d'information g{\'e}ographique dans des corpus textuels}},
publisher = {ISTE {\'e}d.},
year = {2014},
address = {London}
}

@article{Anonymous:JkX8ApaD,
title = {{Nonparametric Bayesian Policy Priors for Reinforcement Learning}},
year = {2010},
pages = {1--9},
month = oct
}

@article{Kitchin:2015cz,
author = {Kitchin, Rob and Lauriault, Tracey P},
title = {{Small data in the era of big data}},
journal = {GeoJournal},
year = {2015},
pages = {1--13},
month = apr
}

@article{Panteras:2015wf,
author = {Panteras, George and Wise, Sarah and Lu, Xu and Croitoru, Arie and Crooks, Andrew and Stefanidis, Anthony},
title = {{Triangulating Social Multimedia Content for Event Localization using Flickr and Twitter}},
journal = {Transactions in GIS},
year = {2015},
volume = {19},
number = {5},
pages = {694--715},
annote = {Les auteurs combinent les usages de Twitter et de Flickr pour constituer une information nouvelle : l'aire d'un {\'e}v{\`e}nement. Ils extraient des toponymes ou des mots relatifs {\`a} l'{\'e}v{\`e}nement sur Twitter. Flickr est ensuite requ{\^e}t{\'e} sur les mots trouv{\'e}s et ils en d{\'e}duisent la direction de l'{\'e}v{\`e}nement et les zones visibles (viewshed) touch{\'e}es.

Les auteurs ne pr{\'e}ciset pas la m{\'e}thode de collecte des tweets. Il est vraisemblable qu'ils aient utilis{\'e}s la m{\'e}thode REST Search vu le taux {\'e}lev{\'e} de retweet.}
}

@phdthesis{FenChong:2012vr,
author = {Fen-Chong, Julie},
title = {{Organisation spatio-temporelle des mobilit{\'e}s r{\'e}v{\'e}l{\'e}es par la telephonie mobile en {\^I}le-de-France}},
year = {2012},
address = {Paris},
month = dec
}

@article{DelSole:2007vb,
author = {DelSole, T},
title = {{A Bayesian framework for multimodel regression}},
journal = {Journal of climate},
year = {2007}
}

@article{Raftery:1995wx,
author = {Raftery, Adrian E},
title = {{Bayesian model selection in social research}},
journal = {Sociological methodology},
year = {1995},
volume = {25},
pages = {111--164}
}

@book{Feldman:2007tv,
author = {Feldman, Ronen and Sanger, James},
title = {{The text mining handbook: advanced approaches in analyzing unstructured data}},
publisher = {Cambridge University Press},
year = {2007},
address = {Cambridge; New York},
annote = {Un document peut {\^e}tre d{\'e}crit sous la forme d'un mod{\`e}le repr{\'e}sentatif (representational model) constitu{\'e} d'un vecteur de caract{\'e}ristiques.

Les probl{\`e}mes en text mining :
- m{\^e}me des petits textes poss{\`e}de un nombre de caract{\'e}ristiques importante (feature dimensionality)
- les valeurs attribu{\'e}es sont g{\'e}n{\'e}ralement des 0 (feature parsity)

Diff{\'e}rents niveaux d'analyse :
- caract{\`e}re : analyse des bigrams ou trigrams
- mot : }
}

@book{Garnier:2010ut,
author = {Garnier, B{\'e}n{\'e}dicte and Gu{\'e}rin-Pace, France},
title = {{Appliquer les m{\'e}thodes de la statistique textuelle}},
publisher = {CEPED},
year = {2010},
address = {Paris}
}

@book{Robette:2011th,
author = {Robette, Nicolas},
title = {{Explorer et d{\'e}crire les parcours de vie: les typologies de trajectoires}},
publisher = {CEPED},
year = {2011},
address = {Paris},
annote = {Ce manuel expose les m{\'e}thodes classiques d'analyse de s{\'e}quences. Il expose les m{\'e}thodes d'analyse factorielle, harmonique. Il centre sa description sur l'Optimal Matching Analysis.}
}

@article{Withers:2002iu,
author = {Withers, Suzanne Davies},
title = {{Quantitative methods: Bayesian inference, Bayesian thinking}},
journal = {Progress in Human Geography},
year = {2002},
volume = {26},
number = {4},
pages = {553--566},
month = aug
}

@article{Wolfson:1996df,
author = {Wolfson, Lara J and Kadane, Joseph B and Small, Mitchell J},
title = {{Bayesian Environmental Policy Decisions: Two Case Studies}},
journal = {Ecological Applications},
year = {1996},
volume = {6},
number = {4},
pages = {1056},
month = nov
}

@article{Anonymous:EWUvzkSt,
title = {{Model-Based Bayesian Reinforcement Learning in Large Structured Domains}},
year = {2008},
pages = {1--8},
month = may
}

@incollection{Rabatel:2013eg,
author = {Rabatel, Julien and Bringay, Sandra and Poncelet, Pascal},
title = {{Mining Sequential Patterns: A Context-Aware Approach}},
booktitle = {Studies in Computational Intelligence},
year = {2013},
pages = {23--41},
publisher = {Springer Berlin Heidelberg},
address = {Berlin, Heidelberg}
}

@article{Masseglia200397,
author = {Masseglia, F a and Poncelet, Pascal and Teisseire, Maguelonne},
title = {{Incremental mining of sequential patterns in large databases}},
journal = {Data and Knowledge Engineering},
year = {2003},
volume = {46},
number = {1},
pages = {97--121},
annote = {cited By 72}
}

@unpublished{Lesnard:2006vq,
author = {Lesnard, Laurent},
title = {{Optimal Matching and Social Sciences}},
year = {2006}
}

@article{Wintle:2003vq,
author = {Wintle, Brendan A and McCarthy, Michel A and Volinsky, Chris T and Kavanagh, Rodney P},
title = {{The use of Bayesian model averaging to better represent uncertainty in ecological models}},
journal = {Conservation Biology},
year = {2003},
volume = {17},
number = {6},
pages = {1579--1590}
}

@article{Brandmaier:2015vw,
author = {Brandmaier, Andreas M},
title = {{pdc: An R Package for Complexity-Based Clustering of Time Series}},
journal = {Journal of Statistical Software},
year = {2015},
volume = {67},
number = {1},
pages = {1--23},
annote = {L'utilisation de ce paquet permet de classer des individus d{\'e}crits par des s{\'e}ries temporelles. Il est d{\'e}riv{\'e} de la th{\'e}orie de l'information en utilisant l'entropie.

L'article utilise la m{\'e}thode "complete linkage". La distance entre deux clusters est {\'e}gale {\`a} la distance maximale trouv{\'e}e entre un {\'e}l{\'e}ment du cluster 1 et un autre du cluster 2.

Cet article propose une tr{\`e}s bonne d{\'e}finition du terme "Clustering".}
}

@article{Anonymous:KYB1T5Xz,
title = {{Bayesian Reinforcement Learning}},
year = {2012},
pages = {1--27},
month = apr
}

@article{Hai:2014wd,
author = {Hai, Phan Nhat and Poncelet, Pascal and Teisseire, Maguelonne},
title = {{All in One: Mining Multiple Movement Patterns}},
journal = {International Journal of Information Technology Decision Making},
year = {2014},
volume = {13},
number = {8},
month = aug
}

@article{Cottineau:2015vo,
author = {Cottineau, Cl{\'e}mentine and Reuillon, Romain and Chapron, Paul and Coyrehourcq, Sebastien Rey and Pumain, Denise},
title = {{A modular modelling framework for hypotheses testing in the simulation of urbanisation}},
year = {2015},
annote = {Comment: 21 pages, 3 figures, working paper}
}

@book{scharl_geospatial_2007,
editor = {Scharl, Arno and Tochtermann, Klaus},
title = {{The geospatial web}},
publisher = {Springer},
year = {2007},
series = {How geobrowsers, social software and the Web 2.0 are shaping the network society},
address = {London},
edition = {Advanced information and knowledge processing},
annote = {00254}
}

@article{Hai:2013hs,
author = {Hai, Phan Nhat and Poncelet, Pascal and Teisseire, Maguelonne},
title = {{Get_Move : fouille de donn{\'e}es d{\textquoteright}objets mobiles}},
journal = {Ing{\'e}nierie des syst{\`e}mes d'information},
year = {2013},
volume = {18},
number = {4},
pages = {145--169},
month = aug
}

@book{Poe:2012vt,
author = {Poe, Curtis},
title = {{Beginning Perl}},
publisher = {John Wiley {\&} Sons, Inc},
year = {2012},
address = {Indianapolis, IN}
}

@article{Cherel:2015te,
author = {Ch{\'e}rel, Guillaume and Cottineau, Cl{\'e}mentine and Reuillon, Romain},
title = {{Beyond Corroboration: Strengthening Model Validation by Looking for Unexpected Patterns}},
journal = {PLoS ONE},
year = {2015},
volume = {10},
number = {9},
pages = {e0138212}
}

@article{Chavalarias:2008ve,
author = {Chavalarias, David and Cointet, Jean-Philippe},
title = {{Bottom-up scientific field detection for dynamical and hierarchical science mapping, methodology and case study}},
journal = {Scientometrics},
year = {2008},
volume = {75},
number = {1},
pages = {37--50}
}

@article{Cressie:2000ub,
author = {Cressie, Noel and Stern, Hal S and Wright, Deanne Reber},
title = {{Mapping rates associated with polygons}},
journal = {Journal of Geographical Systems},
year = {2000},
volume = {2},
number = {1},
pages = {61--69}
}

@article{LeSage:2000ti,
author = {LeSage, James P},
title = {{Bayesian Estimation of Limited Dependent Variable Spatial Autoregressive Models}},
journal = {Geographical Analysis},
year = {2000},
volume = {32},
number = {1},
pages = {19--35}
}

@article{Johnson:2011tf,
author = {Johnson, Devin S and Hoeting, Jennifer A},
title = {{Bayesian Multimodel Inference for Geostatistical Regression Models}},
journal = {PLoS ONE},
year = {2011},
volume = {6},
number = {11},
pages = {e25677}
}

@article{Ellison:2004fj,
author = {Ellison, Aaron M},
title = {{Bayesian inference in ecology}},
journal = {Ecology Letters},
year = {2004},
volume = {7},
number = {6},
pages = {509--520},
month = jun,
annote = {Cet article pr{\'e}sente une d{\'e}monstration de l'usage de l'analyse bay{\'e}sienne en {\'e}cologie en l'appliquant {\`a} la pr{\'e}sence d'esp{\`e}ces de fournis selon l'habitat, l'altitude et la latitude.

La figure 3 est un mod{\`e}le du genre : intervalle de croyance et r{\'e}alit{\'e}.}
}

@article{Taylor:2015gt,
author = {Taylor, Linnet and Schroeder, Ralph},
title = {{Is bigger better? The emergence of big data as a tool for international development policy}},
journal = {GeoJournal},
year = {2015},
pages = {1--16},
month = apr
}

@phdthesis{Schmitt:2014wp,
author = {Schmitt, Clara},
title = {{Mod{\'e}lisation de la dynamique des syst{\`e}mes de peuplement: de SimpopLocal {\`a} SimpopNet.}},
school = {Paris 1},
year = {2014},
month = feb
}

@article{Lima:2015ig,
author = {Lima, Ana Carolina E S and de Castro, Leandro Nunes and Corchado, Juan M},
title = {{A polarity analysis framework for Twitter messages}},
journal = {Applied Mathematics and Computation},
year = {2015},
volume = {270},
number = {C},
pages = {756--767},
month = nov,
annote = {R{\'e}sum{\'e} {\textendash} Quels sont les meilleurs algorithmes pour attribuer une polarit{\'e} (positif, n{\'e}gatif, neutre) {\`a} un tweet.

Donn{\'e}es {\textendash} Quatre corpus de tweets {\'e}tiquet{\'e}s avec des labels de polarit{\'e}.

M{\'e}thode {\textendash} Ils combinent deux approches de classification : par dictionnaire et par apprentissage automatique.

Technique {\textendash} Ils ont utilis{\'e} 5 outils de pr{\'e}paration des donn{\'e}es (N-gram, LIWC, MRC, Standford POS Tagger, OpenNLP) et 4 classifieurs (Na{\"\i}ve Bay{\`e}s, Support Vector Machine, Decision Tree et K-nearest-neighbors).

R{\'e}sultats {\textendash} 

Commentaires {\textendash} Ils auraient pu utiliser des techniques de collaboration entre algorithmes.}
}

@article{PatriceLanglois:2015ds,
author = {Patrice Langlois, Baptiste Blanpain et Eric Daud{\'e}},
title = {{MAG{\'e}o, une plateforme de mod{\'e}lisation et de simulation multi-agent pour les sciences humaines}},
year = {2015},
pages = {1--35},
month = oct
}

@article{Pinkett:2013vf,
author = {Pinkett, Bob and Wylie, Dawn},
title = {{Can You Instagram That Bus? Can You Tweet As You Go? Can You {\textquoteleft}Like{\textquoteright} a Bike?...Getting Social in Transport}},
year = {2013}
}

@article{GuerinPace:2012ur,
author = {Gu{\'e}rin-Pace, France and Saint-Julien, Th{\'e}r{\`e}se and 86534, Anita W Lau-Bignon},
title = {{Une analyse lexicale des titres et mots-cl{\'e}s de 1972 {\`a} 2010}},
journal = {L{\textquoteright}Espace g{\'e}ographique},
year = {2012},
volume = {Tome 41},
number = {1},
pages = {4--30}
}

@article{Hartig:2011bp,
author = {Hartig, Florian and Calabrese, Justin M and Reineking, Bj{\"o}rn and Wiegand, Thorsten and Huth, Andreas},
title = {{Statistical inference for stochastic simulation models - theory and application}},
journal = {Ecology Letters},
year = {2011},
volume = {14},
number = {8},
pages = {816--827},
month = jun
}

@article{Blondel:2015wb,
author = {Blondel, Vincent D and Decuyper, Adeline and Krings, Gautier},
title = {{A survey of results on mobile phone datasets analysis}},
journal = {EPJ Data Science},
year = {2015},
volume = {4},
number = {1},
pages = {10}
}

@phdthesis{Cottineau:2014uk,
author = {Cottineau, Cl{\'e}mentine},
title = {{L'{\'e}volution des villes dans l'espace post-sovi{\'e}tique}},
year = {2014},
address = {Paris},
month = nov
}

@book{Congdon:2007tf,
author = {Congdon, Peter},
title = {{Bayesian statistical modelling}},
publisher = {Wiley},
year = {2007},
series = {Wiley series in probability and statistics},
address = {Chichester}
}

@article{Raftery:2005un,
author = {Raftery, Adrian E and Gneiting, Tilmann and Balabdaoui, Fadoua and Polakowski, Michael},
title = {{Using Bayesian model averaging to calibrate forecast ensembles}},
journal = {Monthly Weather Review},
year = {2005},
volume = {133},
number = {5},
pages = {1155--1174}
}

@book{Christiansen:2012vc,
author = {Christiansen, Tom and foy, brian d and Wall, Larry},
title = {{Programming Perl}},
publisher = {O'Reilly},
year = {2012},
series = {Unmatched Power for Text Processing and Scripting},
address = {Beijing ; Sebastopol}
}

@book{Anonymous:2008vn,
title = {{A Wavelet Tour of Signal Processing, Third Edition: The Sparse Way}},
publisher = {Academic Press},
year = {2008},
address = {Amsterdam ; Boston}
}

@article{MohammadGhavamzadeh:2015tx,
author = {Mohammad Ghavamzadeh, Yaakov Engel},
title = {{Bayesian Policy Gradient and Actor-Critic Algorithms}},
year = {2015},
pages = {1--47},
month = sep
}

@book{Anonymous:2013ui,
title = {{Studies in Computational Intelligence}},
publisher = {Springer Berlin Heidelberg},
year = {2013},
address = {Berlin, Heidelberg}
}

@article{Salton:1975ub,
author = {Salton, Gerard and Wong, Anita and Yang, Chung-Shu},
title = {{A vector space model for automatic indexing}},
journal = {Communications of the ACM},
year = {1975},
volume = {18},
number = {11},
pages = {613--620}
}

@article{Hornik:2011tb,
author = {Hornik, K and Gr{\"u}n, B},
title = {{topicmodels: An R package for fitting topic models}},
journal = {Journal of Statistical Software},
year = {2011}
}

@phdthesis{Brandmaier:2011vh,
author = {Brandmaier, Andreas Markus},
title = {{Permutation distribution clustering and structural equation model trees}},
year = {2011},
address = {Saarbr{\"u}cken}
}

@article{Trotta:2008tc,
author = {Trotta, Roberto},
title = {{Bayes in the sky: Bayesian inference and model selection in cosmology}},
journal = {Contemporary Physics},
year = {2008},
volume = {49},
number = {2},
pages = {71--104}
}

@article{Burns:2015iw,
author = {Burns, Ryan},
title = {{Rethinking big data in digital humanitarianism: practices, epistemologies, and social relations}},
journal = {GeoJournal},
year = {2015},
pages = {1--14},
month = apr
}

@article{Burns:2015bb,
author = {Burns, Ryan and Thatcher, Jim},
title = {{Guest Editorial: What{\textquoteright}s so big about Big Data? Finding the spaces and perils of Big Data}},
journal = {GeoJournal},
year = {2015},
volume = {80},
number = {4},
pages = {445--448},
month = jul
}

@proceedings{Bouillot:2012ud,
title = {{French presidential elections: what are the most efficient measures for tweets?}},
year = {2012},
publisher = {ACM}
}

@article{Keylock:2004un,
author = {Keylock, Christopher J and Dorling, Danny},
title = {{What kind of quantitative methods for what kind of geography?}},
journal = {Area},
year = {2004},
volume = {36},
number = {4},
pages = {358--366}
}

@article{Reuillon:2015vk,
author = {Reuillon, Romain and Schmitt, Clara and De Aldama, Ricardo and Mouret, Jean-Baptiste},
title = {{A New Method to Evaluate Simulation Models: The Calibration Profile (CP) Algorithm}},
journal = {Journal of Artificial Societies and Social Simulation},
year = {2015},
volume = {18},
number = {1},
pages = {12}
}

@article{Chavalarias:2013ve,
author = {Chavalarias, D and Cointet, J P},
title = {{Phylomemetic Patterns in Science Evolution-The Rise and Fall of Scientific Fields}},
journal = {PLoS ONE},
year = {2013},
volume = {8},
number = {2},
annote = {<p>References: Popper, K.R., Conjectures and Refutations (2002) The Growth of Scientific Knowledge, , [1963]), (Routledge Classics). Routledge; <br/>Kuhn, T.S., (1970) The Structure of Scientific Revolutions, , Chicago: UCP, second edition;<br/>Lakatos, I., Worrall, J., Currie, G., (1980) The methodology of scientific research programmes, 1. , Cambridge Univ Pr;<br/>Latour, B., Woolgar, S., (1979) Laboratory life: The construction of scientific facts, , Princeton Univ Pr;<br/>Bonaccorsi, A., Search regimes and the industrial dynamics of science (2008) Minerva, 46, pp. 285-315;<br/>Bijker, W.E., (2007) The Handbook of Science and Technology Studies, , The MIT Press, third edition;<br/>Nowotny, H., Scott, P., Gibbons, M., (2001) Re-Thinking Science: Knowledge and the Public in an Age of Uncertainty, , Cambridge;<br/>Garfield, E., Science citation index - a new dimension in indexing (1964) Science, 144, pp. 649-654;<br/>Dawkins, R., (2006) The selfish gene, , Oxford University Press, USA;<br/>Howe, C.J., Windram, H.F., Phylomemeticsevolutionary analysis beyond the gene (2011) PLoS Biol, 9, pp. e1001069;<br/>Whittaker, J., Creativity and conformity in science: Titles, keywords and co-word analysis (1989) Social Studies of Science, 19, pp. 473-496;<br/>Callon, M., Law, J., Rip, A., (1986) Putting texts in their place, pp. 221-230. , London: The Macmillan Press Ltd;<br/>He, Q., Knowledge discovery through co-word analysis (1999) Library Trends, 48, pp. 133-159;<br/>Kageura, K., Umino, B., Methods of automatic term recognition: A review (1996) Terminology, pp. 259-289;<br/>Newman, M., Who is the best connected scientist? a study of scientific coauthorship networks (2004) Complex Networks, pp. 337-370;<br/>Small, H., Citations: Co-citation in the scientific literature: A new measure of the relationship between two documents (1973) Journal of the American Society for Information Science, pp. 265-269;<br/>Callon, M., Courtial, J.P., Turner, W.A., Bauin, S., From translations to problematic networks: An introduction to co-word analysis (1983) Social Science Information, 22, pp. 191-235;<br/>Callon, M., Law, J., Rip, A., (1986) Mapping the Dynamics of Science and Technology;<br/>Zitt, M., Bassecoulard, E., Delineating complex scientific fields by an hybrid lexical-citation method: An application to nanosciences (2006) Information Processing {\&} Management, 42, pp. 1513-1531;<br/>Boyack, K.W., Klavans, R., B{\"o}rner, K., Mapping the backbone of science (2005) Scientometrics, 64, pp. 351-374;<br/>Skupin, A., The world of geography: Visualizing a knowledge domain with cartographic means (2004) Proceedings of the National Academy of Sciences, 101, pp. 5274-5278;<br/>Rosvall, M., Bergstrom, C.T., Maps of random walks on complex networks reveal community structure (2008) PNAS, 105, pp. 1118-1123;<br/>Palla, I.J.F., Der{\'e}nyi, I., Farkas, I., Vicsek, T., Uncovering the overlapping community structure of complex networks in nature and society (2005) Nature, 435, pp. 814-818;<br/>Palla, G., Farkas, I.J., Pollner, P., Der{\'e}nyi, I., Vicsek, T., Directed network modules (2007) New Journal of Physics, 9, p. 186;<br/>Simmel, G., The Persistence of Social Groups (1898) American Journal of Sociology, 3, p. 662;<br/>Callon, M., Courtial, J.P., Laville, F., Co-word analysis as a tool for describing the network of interaction between basic and technological research: The case of polymer chemistry (1991) Scientometric, 22, pp. 155-205;<br/>Palla, G., Barab{\'a}si, A.L., Vicsek, T., Quantifying social group evolution (2007) Nature;<br/>Chen, C., Searching for intellectual turning points: Progressive knowledge domain visualization (2004) Proceedings of the National Academy of Science of the United States of America, 101, pp. 5303-5310;<br/>Rosvall, M., Bergstrom, C.T., Mapping change in large networks (2010) PLoS ONE, 5, pp. e8694;<br/>Herrera, M., Roberts, D.C., Gulbahce, N., Mapping the evolution of scientific fields (2010) PLoS ONE, 5, pp. e10355;<br/>Cui, W., Liu, S., Tan, L., Shi, C., Song, Y., Textow: Towards better understanding of evolving topics in text (2011) IEEE Trans Vis Comput Graph, 17, pp. 2412-2421;<br/>Chavalarias, D., Cointet, J.P., Cornilleau, L., Duong, T., Mogoutov, A., (2011) Streams of media issues- monitoring world food security, , http://www.unglobalpulse.org/projects/news-awareness-and-emergent-information-monitoring-system, White paper, United Nations, Global Pulse, Accessed 10 January 2013</p>}
}

@article{Blei:2003tn,
author = {Blei, David M and Ng, Andrew Y and Jordan, Michael I},
title = {{Latent dirichlet allocation}},
journal = {the Journal of machine Learning research},
year = {2003},
volume = {3},
pages = {993--1022},
annote = {LDA est une technique visant, comme TF-IDF et LSI, {\`a} identifier les termes importants d'un document. Cet algorithme utilise l'hypoth{\`e}se d'{\'e}changeabilit{\'e} des mots et des documents pour formuler un "mixture model".}
}

@article{Kelly:2015us,
author = {Kelly, Katy and Escobar, Hector},
title = {{Bird{\textquoteright}s eye view}},
journal = {ACRL TechConnect},
year = {2015},
pages = {433--436},
month = aug,
annote = {Il s'agit d'un exemple d'utilisation des commentaires des usagers pour am{\'e}liorer les services d'une biblioth{\`e}que.

En observant les usages, la biblioth{\`e}que a rep{\'e}r{\'e} l'emploi r{\'e}gulier d'un hashtag et s'en sert maintenant pour communiquer. Ils r{\'e}pondent aux {\'e}tudiants directement et tous les jours en utilisant ce hashtag.}
}

@article{SparckJones:1972vw,
author = {Sparck Jones, Karen},
title = {{A statistical interpretation of term specificity and its application in retrieval}},
journal = {Journal of documentation},
year = {1972},
volume = {28},
number = {1},
pages = {11--21}
}

@phdthesis{ReyCoyrehourcq:2015ts,
author = {Rey-Coyrehourcq, S{\'e}bastien},
title = {{Une plateforme int{\'e}gr{\'e}e pour la construction et l{\textquoteright}{\'e}valuation de mod{\`e}les de simulation en g{\'e}ographie}},
year = {2015},
address = {Paris},
month = oct,
annote = {Soutenance
------------

{\#}{\#} Denise Pumain

{\#}{\#} Drogoul

Le manuscrit ne montre pas un fil directeur et une th{\`e}se. Montrer un logiciel, son fonctionnement, son code ne doit pas {\^e}tre un sujet tabou parce que trop complexe. La pr{\'e}sentation de la th{\`e}se ne doit pas se maintenir {\`a} un niveau macroscopique ou de trop haut niveau.

La th{\`e}se ne montre pas de leviers qui se soumettent {\`a} la contradiction. On ne voit pas l'avis de S{\'e}bastien et sa contribution.

Quelles preuves a-t-on de la performance de ces algorithmes ? Peut-on avoir confiance ? Est-on s{\^u}r d'avoir explor{\'e} l'ensemble de l'espace des param{\`e}tres ?

La visualisation pourrait permettre d'am{\'e}liorer l'exploration des param{\`e}tres.

{\#}{\#} Didier Josselin

Th{\`e}se "Soc" : on a une hypoth{\`e}se et on creuse 
Th{\`e}se "Herse" : on ratisse large

S{\'e}bastien a des difficult{\'e}s pour conclure ses chapitres.

La v{\'e}rification et la validation des mod{\`e}les : est-ce que l'on a avanc{\'e}. 

{\#}{\#} H{\'e}l{\`e}ne Matthian

Un h{\'e}ros tr{\`e}s discret.

Notes
------}
}

@phdthesis{Commenges:2013ul,
author = {Commenges, Hadrien},
title = {{L{\textquoteright}invention de la mobilit{\'e} quotidienne}},
year = {2013},
address = {Paris},
month = dec
}

@article{Rice:2009iq,
author = {Rice, Sean H and Papadopoulos, Anthony},
title = {{Evolution with Stochastic Fitness and Stochastic Migration}},
journal = {PLoS ONE},
year = {2009},
volume = {4},
number = {10},
pages = {e7130--12},
month = oct
}

@article{Miller:2015ko,
author = {Miller, Harvey J and Goodchild, Michael F},
title = {{Data-driven geography}},
journal = {GeoJournal},
year = {2015},
pages = {1--13},
month = apr
}

@article{Crawford:2015dg,
author = {Crawford, Kate and Finn, Megan},
title = {{The limits of crisis data: analytical and ethical challenges of using social and mobile data to understand disasters}},
journal = {GeoJournal},
year = {2015},
volume = {80},
number = {4},
pages = {491--502},
month = jul
}

@article{Hoeting:2006ue,
author = {Hoeting, Jennifer A and Davis, Richard A and Merton, Andrew A and Thompson, Sandra E},
title = {{Model selection for geostatistical models}},
journal = {Ecological Applications},
year = {2006},
volume = {16},
number = {1},
pages = {87--98}
}

@incollection{FournierViger:2014vs,
author = {Fournier-Viger, Philippe and Gomariz, Antonio and Campos, Manuel and Thomas, Rincy},
title = {{Fast Vertical Mining of Sequential Patterns Using Co-occurrence Information}},
booktitle = {Lecture Notes in Computer Science},
year = {2014},
editor = {Tseng, Vincent S and Ho, Tu Bao and Zhou, Zhi-Hua and Chen, Arbee L. P. and Kao, Hung-Yu},
pages = {40--52},
publisher = {Springer International Publishing},
annote = {Cet algorithme est impl{\'e}ment{\'e}e dans le programme SPMF. Il permet d'identifier les motifs les plus fr{\'e}quents}
}

@article{Keogh:2003ij,
author = {Keogh, Eamonn and Kasetty, Shruti},
title = {{On the Need for Time Series Data Mining Benchmarks: A Survey and Empirical Demonstration}},
journal = {Data Mining and knowledge discovery},
year = {2003},
volume = {7},
number = {4},
pages = {349--371}
}

@book{Anonymous:2015tt,
title = {{Lecture Notes in Computer Science}},
publisher = {Springer International Publishing},
year = {2015}
}

@article{Anonymous:-6PBAfJS,
title = {{Decentralized Bayesian Reinforcement Learning for Online Agent Collaboration}},
year = {2012},
pages = {1--8},
month = feb
}

@inproceedings{Blei2004,
author = {Blei, D M a and Griffiths, T L a and Jordan, M I b and Tenenbaum, J B b},
title = {{Hierarchical topic models and the nested Chinese restaurant process}},
booktitle = {Hierarchical topic models and the nested Chinese restaurant process},
year = {2004},
organization = {University of California, Berkeley, CA 9472, United States; Massachusetts Institute of Technology, Cambridge, MA 02139, United States},
annote = {cited By 128}
}

