%% This BibTeX bibliography file was created using BibDesk.
%% http://bibdesk.sourceforge.net/


%% Created for Juste Raimbault at 2016-02-12 16:13:47 +0100 


%% Saved with string encoding Occidental (ISO Latin 1) 





@article{shalizi2001computational,
	Author = {Shalizi, Cosma Rohilla and Crutchfield, James P},
	Date-Added = {2016-01-26 09:08:40 +0000},
	Date-Modified = {2016-01-26 09:08:40 +0000},
	Journal = {Journal of statistical physics},
	Number = {3-4},
	Pages = {817--879},
	Publisher = {Springer},
	Title = {Computational mechanics: Pattern and prediction, structure and simplicity},
	Volume = {104},
	Year = {2001}}


@article{chavalarias2016unlikely,
  title={The unlikely encounter between von Foerster and Snowden: When second-order cybernetics sheds light on societal impacts of Big Data},
  author={Chavalarias, David},
  journal={Big Data \& Society},
  volume={3},
  number={1},
  pages={2053951715621086},
  year={2016},
  publisher={SAGE Publications}
}



@incollection{raimbault2015user,
	Author = {Raimbault, Juste},
	Booktitle = {Complex Systems Design \& Management},
	Date-Added = {2016-02-12 15:13:24 +0000},
	Date-Modified = {2016-02-12 15:13:24 +0000},
	Pages = {31--44},
	Publisher = {Springer},
	Title = {User-Based Solutions for Increasing Level of Service in Bike-Sharing Transportation Systems},
	Year = {2015}}
