%% This BibTeX bibliography file was created using BibDesk.
%% http://bibdesk.sourceforge.net/


%% Created for Juste Raimbault at 2016-02-12 16:13:47 +0100 


%% Saved with string encoding Occidental (ISO Latin 1) 



@incollection{raimbault2015user,
	Author = {Raimbault, Juste},
	Booktitle = {Complex Systems Design \& Management},
	Date-Added = {2016-02-12 15:13:24 +0000},
	Date-Modified = {2016-02-12 15:13:24 +0000},
	Pages = {31--44},
	Publisher = {Springer},
	Title = {User-Based Solutions for Increasing Level of Service in Bike-Sharing Transportation Systems},
	Year = {2015}}
