




@article{2013arXiv1310.8220N,
	Author = {{Newman}, M.~E.~J.},
	Journal = {ArXiv e-prints},
	Month = oct,
	Title = {{Prediction of highly cited papers}},
	Year = 2013}

@article{2014arXiv1402.7268S,
	Author = {{Sarig{\"o}l}, E. and {Pfitzner}, R. and {Scholtes}, I. and {Garas}, A. and {Schweitzer}, F.},
	Journal = {ArXiv e-prints},
	Month = feb,
	Title = {{Predicting Scientific Success Based on Coauthorship Networks}},
	Year = 2014}



@article{alberto2015they,
	Author = {Alberto, Baccini and Giuseppe, De Nicolao},
	Journal = {arXiv preprint arXiv:1505.00115},
	Title = {Do they agree? Bibliometric evaluation vs informed peer review in the Italian research assessment exercise},
	Year = {2015}}



@article{chen2010citespace,
  title={CiteSpace: Visualizing patterns and trends in scientific literature},
  author={Chen, Chaomei},
  journal={Retrieved January},
  volume={27},
  pages={2010},
  year={2010}
}




@article{shibata2008detecting,
	Author = {Shibata, Naoki and Kajikawa, Yuya and Takeda, Yoshiyuki and Matsushima, Katsumori},
	Journal = {Technovation},
	Number = {11},
	Pages = {758--775},
	Title = {Detecting emerging research fronts based on topological measures in citation networks of scientific publications},
	Volume = {28},
	Year = {2008}}



@article{chavalarias2013phylomemetic,
	Author = {Chavalarias, David and Cointet, Jean-Philippe},
	Journal = {Plos One},
	Number = {2},
	Pages = {e54847},
	Title = {Phylomemetic patterns in science evolution---the rise and fall of scientific fields},
	Volume = {8},
	Year = {2013}}



@misc{raimbault2016scholar,
  author       = {Juste Raimbault},
  title        = {ScholarAPI v1.0, DOI 10.5281/zenodo.53763},
  month        = may,
  year         = 2016,
  doi          = {10.5281/zenodo.53763},
  url          = {https://doi.org/10.5281/zenodo.53763}
}


@misc{raimbault2016torpool,
  author       = {Juste Raimbault},
  title        = {TorPool v1.0, DOI 10.5281/zenodo.53739},
  month        = may,
  year         = 2016,
  doi          = {10.5281/zenodo.53739},
  url          = {https://doi.org/10.5281/zenodo.53739}
}


@misc{cybergeo20,
  author       = {Pierre-Olivier Chasset and
                  Clementine Cottineau and
                  Hadrien Commenges and
                  Juste Raimbault
                  },
  title        = {cybergeo20 v1.0, DOI 10.5281/zenodo.53905},
  month        = may,
  year         = 2016,
  doi          = {10.5281/zenodo.53905},
  url          = {https://doi.org/10.5281/zenodo.53905}
}
